@online{llamacpp,
    author = {Gerganov, Georgi and others},
    title = {llama.cpp: LLM inference in C/C++},
    date = {2024-05-07},
    url = {https://github.com/ggerganov/llama.cpp},
    urldate = {2024-05-07},
}
@online{gbnf,
    author = {Gerganov, Georgi and others},
    title = {GBNF: Formal grammar constrains for llama.cpp},
    date = {2024-05-07},
    url = {https://github.com/ggerganov/llama.cpp/blob/master/grammars/README.md},
    urldate = {2024-05-07},
}
@article{fedlex-ingredient,
    author = {SR 817.022.16},
    title = {Ordonnance du DFI concernant l’information sur les denrées alimentaires},
    journaltitle = {Fedlex},
    date = {2024-02-01},
}
@article{ffmpeg,
    title={Converting video formats with FFmpeg},
    author={Tomar, Suramya},
    journal={Linux Journal},
    volume={2006},
    number={146},
    pages={10},
    year={2006},
    publisher={Belltown Media}
}
@online{ffmpeg-python,
    author = {Kroening, Karl and others},
    title = {ffmpeg-python: Python bindings for FFmpeg},
    date = {2022-07-11},
    url = {https://kkroening.github.io/ffmpeg-python/},
    urldate = {2024-05-19},
}
@inproceedings{json,
    title={Foundations of JSON schema},
    author={Pezoa, Felipe and Reutter, Juan L and Suarez, Fernando and Ugarte, Mart{\'\i}n and Vrgo{\v{c}}, Domagoj},
    booktitle={Proceedings of the 25th International Conference on World Wide Web},
    pages={263--273},
    year={2016},
    organization={International World Wide Web Conferences Steering Committee}
}
@article{rlhf1,
    author = {Lambert, Nathan and Castricato, Louis and von Werra, Leandro and Havrilla, Alex},
    title = {Illustrating Reinforcement Learning from Human Feedback (RLHF)},
    journal = {Hugging Face Blog},
    year = {2022},
}
@misc{rlhf2,
    title={Fine-Tuning Language Models from Human Preferences},
    author={Daniel M. Ziegler and Nisan Stiennon and Jeffrey Wu and Tom B. Brown and Alec Radford and Dario Amodei and Paul Christiano and Geoffrey Irving},
    year={2020},
    eprint={1909.08593},
    archivePrefix={arXiv},
    primaryClass={cs.CL}
}
@misc{pytorch,
      title={PyTorch: An Imperative Style, High-Performance Deep Learning Library},
      author={Adam Paszke and Sam Gross and Francisco Massa and Adam Lerer and James Bradbury and Gregory Chanan and Trevor Killeen and Zeming Lin and Natalia Gimelshein and Luca Antiga and Alban Desmaison and Andreas Köpf and Edward Yang and Zach DeVito and Martin Raison and Alykhan Tejani and Sasank Chilamkurthy and Benoit Steiner and Lu Fang and Junjie Bai and Soumith Chintala},
      year={2019},
      eprint={1912.01703},
      archivePrefix={arXiv},
      primaryClass={cs.LG}
}
@misc{indoorCVPR_09,
  author = {{Muhammad Ahmad}},
  title = {{Indoor Scenes CVPR 2019}},
  year = {2019},
  publisher = {Kaggle},
  url = {https://www.kaggle.com/datasets/itsahmad/indoor-scenes-cvpr-2019},
  urldate = {2024-06-21}
  license = {Database: Open Database, Contents: Database Contents},
  acknowledgements = {Thanks to MIT; Thanks to Aude Oliva for helping to create the database of indoor scenes.},
}
@article{yu2023rlhf,
  title={Rlhf-v: Towards trustworthy mllms via behavior alignment from fine-grained correctional human feedback},
  author={Yu, Tianyu and Yao, Yuan and Zhang, Haoye and He, Taiwen and Han, Yifeng and Cui, Ganqu and Hu, Jinyi and Liu, Zhiyuan and Zheng, Hai-Tao and Sun, Maosong and others},
  journal={arXiv preprint arXiv:2312.00849},
  year={2023}
}
@article{viscpm,
    title={Large Multilingual Models Pivot Zero-Shot Multimodal Learning across Languages},
    author={Jinyi Hu and Yuan Yao and Chongyi Wang and Shan Wang and Yinxu Pan and Qianyu Chen and Tianyu Yu and Hanghao Wu and Yue Zhao and Haoye Zhang and Xu Han and Yankai Lin and Jiao Xue and Dahai Li and Zhiyuan Liu and Maosong Sun},
    journal={arXiv preprint arXiv:2308.12038},
    year={2023}
}
@article{xu2024llava-uhd,
  title={{LLaVA-UHD}: an LMM Perceiving Any Aspect Ratio and High-Resolution Images},
  author={Xu, Ruyi and Yao, Yuan and Guo, Zonghao and Cui, Junbo and Ni, Zanlin and Ge, Chunjiang and Chua, Tat-Seng and Liu, Zhiyuan and Huang, Gao},
  journal={arXiv preprint arXiv:2403.11703},
  year={2024}
}

